% This file was created with JabRef 2.3.1.
% Encoding: UTF-8

@ARTICLE{AllenGardinerFrantz1984,
  author = {B.J. Allen and D.B. Gardiner and D.G. Frantz},
  title = {Noun Incorporation in Southern Tiwa},
  journal = {International Journal of American Linguistics},
  year = {1984},
  volume = {50},
  pages = {292-311},
  number = {3}
}

@ARTICLE{Anceaux1965,
  author = {J. C. Anceaux},
  title = {The Nimboran language: Phonology and Morphology},
  journal = {Verhandelingen van het Koninklijk Instituut voor Taal-, Land- en
	Volkenkunde},
  year = {1965},
  volume = {44},
  address = {The Hague},
  publisher = {Nijhoff}
}

@BOOK{Anderson1997,
  title = {A Notional Theory of Syntactic Categories},
  publisher = {Cambridge University Press},
  year = {1997},
  author = {John M. Anderson},
  address = {Cambridge, U.K.}
}

@BOOK{Anderson1985,
  title = {Phonology in the Twentieth Century: Theories of Rules and Theories
	of Representations},
  publisher = {The University of Chicago Press},
  year = {1985},
  author = {Stephen Robert Anderson},
  address = {Chicago}
}

@BOOK{Andrews1985,
  title = {Phonology in the Twentieth Century: Theories of Rules and Theories
	of Representations},
  publisher = {The University of Chicago Press},
  year = {1985},
  author = {S. R. Anderson},
  address = {Chicago}
}

@BOOK{Asher1982,
  title = {Tamil},
  publisher = {North Holland},
  year = {1982},
  author = {R.E. Asher},
  volume = {7},
  series = {Lingua Descriptive Series}
}

@BOOK{Ashton-etal1951,
  title = {A Luganda Grammar},
  publisher = {Longmans, Green and Co.},
  year = {1951},
  author = {E. O. Ashton and E. M. K. Mulira and E. G. M. Ndawula and A. N. Tucker},
  address = {London}
}

@BOOK{Axelrod1993,
  title = {The Semantics of Time: Aspectual Categorization in Koyukon Athabaskan},
  publisher = {University of Nebraska Press},
  year = {1993},
  author = {M. Axelrod},
  address = {Lincoln}
}

@ARTICLE{BabbyBrecht1975,
  author = {L.H. Babby and R.D. Brecht},
  title = {The Syntax of Voice in Russian},
  journal = {Languages of the World/Material},
  year = {1975},
  volume = {51},
  pages = {342-67},
  number = {2}
}


@BOOK{Baerman-etal2005,
  title = {The Syntax-Morphology Interface: A Study of Syncretism},
  publisher = {Cambridge University Press},
  year = {2005},
  author = {Matthew Baerman and Dunstan Brown and Greville Corbett},
  volume = {109},
  series = {Cambridge Studies in Linguistics},
  address = {Cambridge, UK}
}

@BOOK{BaermanBrownCorbett2005,
  title = {The Syntax-Morphology Interface: A Study of Syncretism},
  publisher = {Cambridge University Press},
  year = {2005},
  author = {Matthew Baerman and Dunstan Brown and Greville G. Corbett},
  series = {Cambridge Studies in Linguistics 109},
  address = {Cambridge, U.K.}
}

@ARTICLE{Barnes1984,
  author = {J. Barnes},
  title = {Evidentials in the Tuyuca Verb},
  journal = {International Journal of American Linguistics},
  year = {1984},
  volume = {50},
  pages = {255-71}
}


@BOOK{Berinstein1985,
  title = {Evidence for Multiattachment in K'ekchi Mayan},
  publisher = {Garland},
  year = {1985},
  author = {Berinstein, A.}
}

@BOOK{BernstenNimbkar1982,
  title = {Marathi Structural Patterns: Book One},
  publisher = {Granthali and Marathi Abhyas Parishad},
  year = {1982},
  author = {M. Bernsten and J. Nimbkar},
  address = {Pune}
}

@BOOK{Bhat1999,
  title = {The Prominence of Tense, Aspect, and Mood},
  publisher = {John Benjamins},
  year = {1999},
  author = {D. N. S. Bhat},
  address = {Amsterdam}
}

@BOOK{Blake2001,
  title = {Case},
  publisher = {Cambridge University Press},
  year = {2001},
  author = {Barry J. Blake},
  address = {Cambridge; New York}
}

@ARTICLE{Blake1979,
  author = {Barry J. Blake},
  title = {A Kalkatungu Grammar},
  journal = {Pacific Linguistics Series B},
  year = {1979},
  volume = {57},
  address = {Canberra},
  publisher = {Department of Linguist cs, Research School of Pacific Studies, Australian
	National University}
}

@INCOLLECTION{Broadwell1988,
  author = {Broadwell, George Aaron},
  title = {Multiple Theta-Role assignment in Choctaw},
  booktitle = {Thematic Relations},
  publisher = {Academic Press},
  year = {1988}
}

@INCOLLECTION{Bromley1981,
  author = {Bromley, H.M.},
  title = {A Grammar of Lower Grand Valley Dani},
  booktitle = {Pacific Linguistic Series C},
  publisher = {Department of Linguistics, Australian National University},
  year = {1981},
  number = {63}
}

@UNPUBLISHED{Buszard-Welcher2004,
  author = {L. Buszard-Welcher},
  title = {Unpublished notes}
}

@BOOK{Bybee1985,
  title = {Morphology: A Study of the Relation Between Meaning and Form},
  publisher = {John Benjamins},
  year = {1985},
  author = {Joan Bybee},
  address = {Philadelphia}
}

@BOOK{BybeePerkinsPagliuca1994,
  title = {The Evolution of Grammar: Tense, Aspect, and Modality in the Languages
	of the World},
  publisher = {University of Chicago Press},
  year = {1994},
  author = {J. Bybee and R. Perkins and W. Pagliuca},
  address = {Chicago}
}

@INCOLLECTION{Bybee2003,
  author = {Joan L. Bybee},
  title = {Aspect},
  booktitle = {International Encyclopedia of Linguistics},
  publisher = {Oxford University Press},
  year = {2003},
  editor = {William Frawley},
  pages = {157--158},
  address = {Oxford},
  edition = {2nd}
}

@PHDTHESIS{Callaghan1963,
  author = {C. Callaghan},
  title = {A Grammar of the Lake Miwok Language},
  school = {University of California},
  year = {1963},
  address = {Berkeley}
}

@ARTICLE{Caughley1982,
  author = {R. C. Caughley},
  title = {The Syntax and Morphology of the Verb in Chepang},
  journal = {Pacific Linguistics Series B},
  year = {1982},
  volume = {84},
  address = {Canberra},
  publisher = {Australian National University}
}

@INCOLLECTION{Chafe1995,
  author = {W. Chafe},
  title = {The realis-irrealis distinction in Caddo, the Northern Iroquoian
	languages, and English},
  booktitle = {Modality in grammar and discourse},
  publisher = {John Benjamins},
  year = {1995},
  editor = {J. Bybee and S. Fleischman},
  pages = {349--65},
  address = {Amsterdam}
}

@BOOK{ChierchiaMcConnell-Ginet1990,
  title = {Meaning and Grammar: An Introduction to Semantics},
  publisher = {MIT Press},
  year = {1990},
  author = {Chierchia, Gennaro and McConnell-Ginet, Sally}
}

@BOOK{Clark1990,
  title = {Thematic Theory in Syntax and Interpretation},
  publisher = {Routledge},
  year = {1990},
  author = {Clark, Robin},
  series = {Croon Helm Linguistics Series}
}

@BOOK{Cohen1936,
  title = {Trait\'{e} de langue amharique},
  publisher = {Institut d'ethnologie},
  year = {1936},
  author = {Cohen, Marcel},
  address = {Paris}
}

@BOOK{Cole1982,
  title = {Imbabura Quechua},
  publisher = {North Holland},
  year = {1982},
  author = {Peter Cole},
  volume = {5},
  series = {Lingua Descriptive Series}
}

@BOOK{Comrie1989,
  title = {Language Universals and Linguistic Typology: Syntax and Morphology},
  publisher = {Blackwell},
  year = {1989},
  author = {B. Comrie},
  address = {Oxford}
}

@BOOK{Comrie1985,
  title = {Tense},
  publisher = {Cambridge University Press},
  year = {1985},
  author = {B. Comrie},
  address = {London}
}

@BOOK{Comrie1976,
  title = {Aspect: An Introduction to the Study of Verbal Aspect and Related
	Problems},
  publisher = {Cambridge University Press},
  year = {1976},
  author = {B. Comrie},
  address = {London}
}

@BOOK{Corbett2000,
  title = {Number},
  publisher = {Cambridge University Press},
  year = {2000},
  author = {Corbett, G.},
  series = {Cambridge Textbooks in Linguistics}
}

@BOOK{Corbett1991,
  title = {Gender},
  publisher = {Cambridge University Press},
  year = {1991},
  author = {Corbett, G.},
  series = {Cambridge Textbooks in Linguistics}
}

@BOOK{Croft1990,
  title = {Typology and Universals},
  publisher = {Cambridge University Press},
  year = {1990},
  author = {William Croft},
  address = {Cambridge, UK}
}

@BOOK{Crowley2002,
  title = {Serial Verbs in Oceanic: A Descriptive Typology},
  publisher = {Oxford University Press},
  year = {2002},
  author = {Terry Crowley},
  address = {Oxford, UK}
}

@BOOK{Cruse2000,
  title = {Meaning in Language: An Introduction to Semantics and Pragmatics},
  publisher = {Oxford University Press},
  year = {2000},
  author = {Cruse, Alan}
}

@BOOK{Crystal2001,
  title = {Language and the Internet},
  publisher = {Cambridge University Press},
  year = {2001},
  author = {David Crystal},
  address = {Cambridge, UK}
}

@BOOK{Crystal1997,
  title = {Cambridge Encyclopedia of Language},
  publisher = {Cambridge University Press},
  year = {1997},
  author = {David Crystal},
  address = {Cambridge},
  edition = {2nd}
}

@BOOK{Crystal1985,
  title = {A dictionary of linguistics and phonetics},
  publisher = {Basil Blackwell},
  year = {1985},
  author = {David Crystal},
  address = {New York},
  edition = {2nd}
}

@BOOK{Crystal1980,
  title = {A First Dictionary of Linguistics and Phonetics},
  publisher = {Westview},
  year = {1980},
  author = {David Crystal},
  address = {Boulder, CO}
}

@BOOK{Cysouw2003,
  title = {The Paradigmatic Structure of Person Marking},
  publisher = {Oxford University Press},
  year = {2003},
  author = {Michael Cysouw},
  series = {Oxford Studies in Typology and Linguistic Theory},
  address = {Oxford, UK}
}

@BOOK{Dahl1985,
  title = {Tense and aspect systems},
  publisher = {Basil Blackwell},
  year = {1985},
  author = {\"{O}sten Dahl},
  address = {Oxford, England}
}

@INCOLLECTION{DahlVelupillai2005,
  author = {\"{O}sten Dahl and Viveka Velupillai},
  title = {Perfective/imperfective},
  booktitle = {World Atlas of Language Structures},
  publisher = {Oxford University Press},
  year = {2005},
  editor = {Martin Haspelmath and Matthew Dryer and David Gil and Bernard Comrie},
  address = {Oxford}
}

@ARTICLE{Dayley1981,
  author = {J. Dayley},
  title = {Modality in Amele and other Papuan languages},
  journal = {Journal of Mayan Linguistics},
  year = {1981},
  volume = {2.2},
  pages = {3-82}
}

@ARTICLE{Delancey1984,
  author = {Scott Delancey},
  title = {Notes on agentivity and causation},
  journal = {Studies in Language},
  year = {1984},
  volume = {8},
  pages = {181-213}
}

@BOOK{Dik1989,
  title = {The Theory of Functional Grammar},
  publisher = {Dordrecht},
  year = {1989},
  author = {Simon C. Dik},
  address = {The Netherlands}
}

@BOOK{Dixon1977,
  title = {A Grammar of Yidiny},
  publisher = {Cambridge University Press},
  year = {1977},
  author = {Robert M. W. Dixon},
  volume = {19},
  series = {Cambridge Studies in Linguistics},
  address = {Cambridge}
}

@BOOK{Dixon1973,
  title = {The Dyirbal language of North Queensland},
  publisher = {Cambridge University Press},
  year = {1973},
  author = {Robert M. W. Dixon}
}

@BOOK{Dixon1972,
  title = {The Dyirbal language of North Queensland},
  publisher = {Cambridge University Press},
  year = {1972},
  author = {Robert M. W. Dixon},
  address = {Cambridge, UK}
}

@BOOK{Donaldson1980,
  title = {Ngiyambaa: the language of the Wangaaybuwan},
  publisher = {Cambridge University Press},
  year = {1980},
  author = {T. Donaldson},
  volume = {29},
  series = {Cambridge Studies in Linguistics},
  address = {Cambridge}
}

@ARTICLE{Donohue1999,
  author = {M. Donohue},
  title = {Warembori},
  journal = {Languages of the World/Material},
  year = {1999},
  volume = {341},
  address = {Muenchen},
  publisher = {Lincom Europa}
}

@ARTICLE{Ebeling1966,
  author = {C. L. Ebeling},
  title = {Review of Chikobava and Cercvadze's 'The Grammar of Literary Avar'},
  journal = {Studia Caucasica},
  year = {1966},
  volume = {2},
  pages = {58-100}
}

@BOOK{England1983,
  title = {A Grammar of Mam, a Mayan Language},
  publisher = {University of Texas Press},
  year = {1983},
  author = {England, Nora}
}

@INCOLLECTION{Evans2003,
  author = {Nicholas Evans},
  title = {Typologies of agreement: some problems from Kayardild},
  booktitle = {Agreement: A Typological Perspective (Special issue of Transactions
	of the Philological Society)},
  publisher = {Blackwell},
  year = {2003},
  editor = {Dunstan Brown and Greville G. Corbett and Carole Tiberius},
  volume = {101},
  number = {2},
  pages = {203--234},
  address = {Oxford}
}

@INCOLLECTION{Farrell1995,
  author = {Tim Farrell},
  title = {Fading Ergativity: A Study of Ergativity in Balochi},
  booktitle = {Subject, Voice and Ergativity: Selected Essays},
  publisher = {Routledge},
  year = {1995}
}

@ARTICLE{Faust1978,
  author = {N. Faust},
  title = {Gr\'{a}matica Cocama: Lecciones para el aprendizaje del idioma Cocama},
  journal = {Serie Ling\:{u}\'{i}stica Peruana},
  year = {1978},
  volume = {6},
  address = {Lima},
  publisher = {Ministerio de Educaci\'{o}n Instituto Ling\:{u}\'{i}stico de Verano}
}

@BOOK{Fleming1988,
  title = {Communication Analysis: A Tratificational Approach: A field guide
	for communication situation, semantic, and morphemic analysis},
  publisher = {Summer Institute of Linguistics},
  year = {1988},
  author = {Ilah Fleming},
  volume = {2},
  address = {Dallas, TX}
}

@BOOK{Foley1986,
  title = {The Papuan Language of New Guinea},
  publisher = {Cambridge University Press},
  year = {1986},
  author = {W. A. Foley},
  address = {Cambridge; New York}
}

@INCOLLECTION{Forrest1994,
  author = {Forrest, Linda B.},
  title = {The de-transitive clauses in Bella Coola: Passive vs. Inverse},
  booktitle = {Voice and Inversion},
  publisher = {John Benjamins},
  year = {1994}
}

@BOOK{Fortescue1984,
  title = {West Greenlandic Eskimo},
  publisher = {Croom Helm},
  year = {1984},
  author = {Fortescue, M.},
  address = {London}
}

@INCOLLECTION{Foster1979,
  author = {Foster, J.F.},
  title = {Agents, accessories, and owners: The cultural base and the rise of
	ergative structures, with particular reference to Ozark English.},
  booktitle = {Ergativity: Towards a theory of Grammatical Relations},
  publisher = {Academic Press},
  year = {1979}
}

@BOOK{Frantz1991,
  title = {Blackfoot Grammar},
  publisher = {University of Toronto Press},
  year = {1991},
  author = {D. Frantz},
  address = {Toronto}
}

@BOOK{Frawley1992,
  title = {Linguistic Semantics},
  publisher = {Lawrence Erlbaum Associates},
  year = {1992},
  author = {Frawley, William}
}

@BOOK{Gaerdenfors2000,
  title = {Conceptual spaces: the geometry of thought},
  publisher = {MIT Press},
  year = {2000},
  author = {G\"{a}rdenfors, P.},
  address = {Cambridge, MA.}
}

@INCOLLECTION{Givon1988,
  author = {Talmy Giv\'{o}n},
  title = {Tale of two passives in Ute},
  booktitle = {Passive and Voice},
  publisher = {John Benjamins},
  year = {1988},
  editor = {Masayoshi Shibatani},
  pages = {417},
  address = {Amsterdam}
}

@BOOK{Givon1994,
  title = {Voice and Inversion},
  publisher = {John Benjamins},
  year = {1994},
  author = {Talmy Giv\'{o}n},
  address = {Amsterdam}
}

@BOOK{Givon1984,
  title = {Syntax: A functional-typological introduction},
  publisher = {John Benjamins},
  year = {1984},
  author = {Talmy Giv\'{o}n},
  volume = {1},
  address = {Amsterdam}
}

@INCOLLECTION{Givon1994a,
  author = {Givon, T.},
  title = {A Tale of Two Passives in Ute},
  booktitle = {Voice: Form and Function},
  publisher = {John Benjamins},
  year = {1994}
}

@INCOLLECTION{Glasgow1964,
  author = {Kathleen Glasgow},
  title = {Frame of reference for two Burera tenses},
  booktitle = {Papers on the Languages of the Australian Aborigines},
  publisher = {Australian Institute of Aboriginal Studies},
  year = {1964},
  editor = {Richard Pittman and Harland Kerr},
  volume = {3},
  series = {Occasional Papers in Aboriginal Studies},
  pages = {118},
  address = {Canberra}
}

@ARTICLE{Good2003,
  author = {Jeff Good},
  title = {Clause Combining in Chechen},
  journal = {Studies in Language},
  year = {2003},
  volume = {27},
  pages = {113-170}
}

@BOOK{Granberry1993,
  title = {A Grammar and Dictionary of the Timucua Language},
  publisher = {University of Alabama},
  year = {1993},
  author = {J. Granberry},
  address = {Tuscaloosa}
}

@BOOK{Haiman1980,
  title = {Hua: A Papuan Language of the Eastern Highlands of New Guinea},
  publisher = {John Benjamins},
  year = {1980},
  author = {J. Haiman},
  address = {Amsterdam}
}

@BOOK{Hakulinen1961,
  title = {The Structure and Development of the Finnish Language},
  publisher = {Indiana University Publications},
  year = {1961},
  author = {Lauri Hakulinen},
  volume = {3},
  series = {Uralic and Altaic Series},
  address = {Bloomington, IN},
  note = {Translated by John Atkinson}
}

@BOOK{HartmannStork1972,
  title = {Dictionary of Language and Linguistics},
  publisher = {Applied Science Publishers, Ltd.},
  year = {1972},
  author = {R.R.K. Hartmann and F.C. Stork},
  address = {London}
}

@BOOK{Hayward1984,
  title = {The Arbore Language : a First Investigation, Including a Vocabulary},
  publisher = {Buske},
  year = {1984},
  author = {Dick Hayward},
  address = {Hamburg}
}

@BOOK{Hermon1984,
  title = {Syntactic Modularity},
  publisher = {Foris},
  year = {1984},
  author = {Hermon, Gabriella}
}

@BOOK{Hervey1979,
  title = {Axiomatic Semantics: A Theory of Linguistic Semantics},
  publisher = {Scottish Academic Press},
  year = {1979},
  author = {S\'{a}ndor Hervey},
  address = {Edinburgh}
}

@BOOK{Hetzron1969,
  title = {The Verbal System of Southern Agaw},
  publisher = {University of California Press},
  year = {1969},
  author = {J. Hetzron},
  volume = {12},
  address = {Berkeley and Los Angeles}
}

@BOOK{Hewitt1979,
  title = {Abkhaz},
  publisher = {North Holland},
  year = {1979},
  author = {Hewitt, B. George},
  volume = {2},
  series = {Lingua Descriptive Studies},
  address = {Amsterdam}
}

@BOOK{Hjelmslev1953,
  title = {Prolegomena to a theory of language},
  publisher = {Indiana University Publications in Anthropology and Linguistics},
  year = {1953},
  author = {Louis Hjelmslev},
  address = {Bloomington, Indiana},
  note = {Translated by Francis J. Whitfield}
}

@INCOLLECTION{Hoijer1933,
  author = {H. Hoijer},
  title = {Tonkawa: an Indian language of Texas},
  booktitle = {Extract from Handbook of American Indian Languages},
  publisher = {Columbia University},
  year = {1933},
  volume = {3},
  pages = {1--148},
  address = {New York},
  note = {Book published 1931.}
}

@ARTICLE{Holt1943,
  author = {Jens Holt},
  title = {\'{E}tudes d'aspect},
  journal = {Acta Jutlandica},
  year = {1943},
  volume = {15},
  number = {2}
}

@INCOLLECTION{Hope1974,
  author = {E. R. Hope},
  title = {The Deep Syntax of Lisu Sentences: A Transformational Case Grammar},
  booktitle = {Pacific Linguistics Series B},
  publisher = {Department of Linguistics, Research School of Pacific Studies, Australian
	National University},
  year = {1974},
  address = {Canberra}
}

@INCOLLECTION{Hopper1992,
  author = {Paul J Hopper },
  title = {Grammaticalization},
  booktitle = {International Encyclopedia of Linguistics},
  publisher = {Oxford University Press},
  year = {1992},
  editor = {William Bright},
  pages = {79--81},
  address = {Oxford, UK}
}

@BOOK{Hymes1955,
  title = {The Language of Kathlamet Chinook},
  publisher = {Indiana University},
  year = {1955},
  author = {D. Hymes}
}

@INCOLLECTION{Jacobs1994,
  author = {Jacobs, Peter},
  title = {The Inverse in Squamish},
  booktitle = {Voice and Inversion},
  publisher = {John Benjamins},
  year = {1994}
}

@INCOLLECTION{Jacobsen1986,
  author = {Jacobsen Jr., William H.},
  title = {The heterogeneity of evidentials in Makah},
  booktitle = {Evidentiality: the Linguistic Coding of Epistemology},
  publisher = {Ablex},
  year = {1986},
  editor = {Chafe, Wallace and Nichols, Johanna},
  pages = {3-28}
}

@BOOK{Jacobson1984,
  title = {Yup'ik Eskimo Dictionary},
  publisher = {University of Alaska, Alaska Native Language Center},
  year = {1984},
  author = {Steven A. Jacobson},
  address = {Fairbanks, Alaska}
}

@BOOK{Jespersen1924,
  title = {The Philosophy of Grammar},
  publisher = {Holt and Co},
  year = {1924},
  author = {Otto Jespersen},
  address = {New York}
}

@INCOLLECTION{KeenanPolinsky1998,
  author = {Edward L. Keenan and Maria Keenan},
  title = {Malagasy (Austronesian)},
  booktitle = {The Handbook of Morphology},
  publisher = {Backwell},
  year = {1998},
  editor = {Andrew Spencer and Arnold M. Zwicky},
  chapter = {28},
  pages = {563--623},
  address = {Oxford, UK}
}

@BOOK{Khaidakov1980,
  title = {Principy Imennoj Klassifikacii v Dagestanskix Jazykax},
  publisher = {Nauka},
  year = {1980},
  author = {S. M. Khaidakov},
  address = {Moscow}
}

@ARTICLE{Khaidakov1966,
  author = {S. M. Khaidakov},
  title = {The dialect divisions of Lak},
  journal = {Studia Caucasica},
  year = {1966},
  volume = {2},
  pages = {9--18}
}

@ARTICLE{Khaidakov1963,
  author = {S. M. Khaidakov},
  title = {Principy raspredelenija imen suščestvitel'nyx po grammatičeskim klassam
	v lakskom jazyke},
  journal = {Studia Caucasica},
  year = {1963},
  volume = {1},
  pages = {48--55}
}

@INCOLLECTION{Kibrik1998,
  author = {A. E. Kibrik},
  title = {Archi (Caucasian - Daghestanian)},
  booktitle = {The Handbook of Morphology},
  publisher = {Blackwell},
  year = {1998},
  editor = {Arnold Spencer Zwicky},
  address = {Oxford; Malden, MA}
}

@ARTICLE{Kiparsky2001,
  author = {P. Kiparsky},
  title = {Structural Case in Finnish},
  journal = {Lingua},
  year = {2001},
  volume = {111},
  pages = {315-376},
  address = {Chicago},
  publisher = {Chicago Linguistic Society}
}

@BOOK{Klaiman1991,
  title = {Grammatical Voice},
  publisher = {Cambridge University Press},
  year = {1991},
  author = {Klaiman, M.H.}
}

@ARTICLE{Klaiman1982,
  author = {M.H. Klaiman},
  title = {Studies in Language},
  journal = {Chicago Linguistic Society},
  year = {1982},
  volume = {18},
  pages = {267-81}
}

@MISC{Klavans1982,
  author = {Judith L. Klavans},
  title = {Some problems in a theory of clitics},
  howpublished = {Indiana University Linguistics Club},
  year = {1982},
  address = {Bloomington, IN}
}

@ARTICLE{Klein1975,
  author = {F. Klein},
  title = {Pragmatic Constraints on Distribution: The Spanish Subjunctive},
  journal = {Papers from the Regional Meetings, Chicago Linguistic Society},
  year = {1975},
  volume = {11},
  pages = {353-365},
  address = {Chicago},
  publisher = {Chicago Linguistic Society}
}

@INCOLLECTION{Knott1995,
  author = {Knott, Judith M.},
  title = {The Causative Passive Correlation},
  booktitle = {Subject, Voice and Ergativity: Selected Essays},
  publisher = {Routledge},
  year = {1995},
  editor = {Bennett, D.C. and Bynon, T. and Hewitt, B.G.}
}


@BOOK{Kuno1973,
  title = {The Structure of the Japanese Language},
  publisher = {MIT Press},
  year = {1973},
  author = {Susumu Kuno},
  address = {Cambridge, MA}
}

@INCOLLECTION{Ladefoged1997,
  author = {Peter Ladefoged},
  title = {Linguistic Phonetic Descriptions},
  booktitle = {The Handbook of Phonetic Sciences},
  publisher = {Blackwell},
  year = {1997},
  editor = {William J. Hardcastle and John Laver},
  pages = {589--618},
  address = {Oxford, UK}
}

@ARTICLE{LadigLadig1990,
  author = {W. D. Ladig and C. J. Ladig},
  title = {Larike pronouns: duals and trials in a Central Moluccan language},
  journal = {Oceanic Linguistics},
  year = {1990},
  volume = {29},
  pages = {87-109},
  address = {Honolulu},
  publisher = {University of Hawaii Press}
}

@ARTICLE{Leman1980,
  author = {W. Leman},
  title = {A reference grammar of the Cheyenne Language},
  journal = {Occasional Publications in Anthropology, Linguistics Series},
  year = {1980},
  volume = {5},
  address = {Greeley},
  publisher = {Museum of Anthropology, University of Northern Colorado}
}

@BOOK{Leslau1945,
  title = {A Short Grammar of Tigre},
  publisher = {American Oriental Society},
  year = {1945},
  author = {Leslau, Wolf},
  address = {New Haven, CT}
}

@ARTICLE{Levinsohn1975,
  author = {S. H. Levinsohn},
  title = {Functional Perspective in Inga},
  journal = {Journal of Linguistics},
  year = {1975},
  volume = {11},
  pages = {1-37}
}

@BOOK{LiThompson1981,
  title = {Mandarin Chinese: A functional reference grammar},
  publisher = {University of California Press},
  year = {1981},
  author = {Li, Charles and Thompson, Sandra}
}

@ARTICLE{LoewekeMay1980,
  author = {E. Loeweke and J. May},
  title = {General grammar of Fasu (Namo Me)},
  journal = {Working Papers in New Guinea Linguistics},
  year = {1980},
  volume = {27},
  pages = {5--106}
}

@BOOK{Lyons1977,
  title = {Semantics},
  publisher = {Cambridge University Press},
  year = {1977},
  author = {John Lyons},
  volume = {I},
  address = {Cambridge, UK}
}

@BOOK{Lyons1968,
  title = {Introduction to Theoretical Linguistics},
  publisher = {Cambridge University Press},
  year = {1968},
  author = {John Lyons},
  address = {Cambridge, UK}
}

@ARTICLE{Malone1988,
  author = {T. Malone},
  title = {The Origin and Development of Tuyuca Evidentials},
  journal = {International Journal of American Linguistics},
  year = {1988},
  volume = {54},
  pages = {119-40}
}

@BOOK{Manning1996,
  title = {Ergativity: Argument Structure and Grammatical Relations},
  publisher = {CSLI Publications},
  year = {1996},
  author = {Manning, Christopher D.},
  series = {Dissertations in Linguistics}
}

@TECHREPORT{Masolo-etal2003,
  author = {Claudio Masolo and Stefano Borgo and Aldo Gangemi and Nicola Guarino
	and Alessandro Oltramari},
  title = {Ontologies library (final)},
  institution = {ISTC-CNR},
  year = {2003},
  type = {WonderWeb Deliverable},
  number = {D18},
  address = {Padova, Italy},
  month = {December}
}

@BOOK{Matthews1965,
  title = {Hidatsa syntax},
  publisher = {Mouton},
  year = {1965},
  author = {George H. Matthews},
  address = {The Hague}
}

@BOOK{Matthews1991,
  title = {Morphology},
  publisher = {Cambridge University Press},
  year = {1991},
  author = {Peter Hugoe Matthews},
  address = {Cambridge, UK}
}

@MISC{MaxwellSimonsHayashi2000,
  author = {Mike Maxwell and Gary Simons and Larry Hayashi},
  title = {Resources for morphology learning and evaluation: A morphological
	glossing assistant},
  howpublished = {Presented at the Workshop on Web-Based Language Documentation and
	Description},
  month = {dec},
  year = {2000}
}

@BOOK{McIntosh1984,
  title = {Fulfulde Syntax and Verbal Morphology},
  publisher = {KPI},
  year = {1984},
  author = {McIntosh, Mary}
}

@ARTICLE{McKay1978,
  author = {Graham R. McKay},
  title = {Pronominal person and number categories in Rembarrnga and Djeebana},
  journal = {Oceanic Linguistics},
  year = {1978},
  pages = {27--37}
}

@BOOK{Michaelis1998,
  title = {Aspectual Grammar and Past-Time Reference},
  publisher = {Routledge},
  year = {1998},
  author = {Laura A. Michaelis},
  address = {London}
}

@BOOK{Miller1965,
  title = {Acoma Grammar and Texts},
  publisher = {University of California Publications in Linguistics},
  year = {1965},
  author = {W. Miller},
  address = {Berkeley}
}

@BOOK{Mithun1999,
  title = {The Languages of Native North America},
  publisher = {Cambridge University Press},
  year = {1999},
  author = {M. Mithun},
  address = {Cambridge; New York}
}

@BOOK{MoselHovdhaugen1992,
  title = {Samoan Reference Grammar},
  publisher = {Scandinavian University Press},
  year = {1992},
  author = {U. Mosel and E. Hovdhaugen},
  address = {Oslo}
}


@BOOK{Mugane1997,
  title = {A Paradigmatic Grammar of G\~{i}k\~{u}y\~{u}},
  publisher = {CSLI Publications},
  year = {1997},
  author = {J. Mugane},
  address = {Stanford: CA}
}

@BOOK{Munro1976,
  title = {Mojave Syntax},
  publisher = {Garland},
  year = {1976},
  author = {P. Munro},
  address = {New York}
}

@INCOLLECTION{Muravyova1998,
  author = {I. Muravyova},
  title = {Chukchee (Paleo-Siberian)},
  booktitle = {The Handbook of Morphology},
  publisher = {Blackwell},
  year = {1998},
  editor = {A. Spencer and A. Zwicky},
  address = {Oxford; Malden, MA}
}

@INCOLLECTION{Naylor1995,
  author = {Naylor, P.B.},
  title = {Subject, topic and Tagalog syntax},
  booktitle = {Subject, Voice and Ergativity: Selected Essays},
  publisher = {Routledge},
  year = {1995}
}

@INCOLLECTION{NedjalkovOtainaXoldovic1995,
  author = {Nedjalkov, V.P. and Otaina, G.A. and Xoldovic, A.A.},
  title = {Morphological and lexical causatives in Nivkh},
  booktitle = {Subject, Voice and Ergativity: Selected Essays},
  publisher = {Routledge},
  year = {1995}
}

@INCOLLECTION{Noonan1994,
  author = {Noonan, Michael},
  title = {A Tale of Two Passives in Irish},
  booktitle = {Voice: Form and Function},
  publisher = {John Benjamins},
  year = {1994}
}

@BOOK{Osborne1974,
  title = {The Tiwi language : grammar, myths and dictionary of the Tiwi language
	spoken on Melville and Bathurst Islands, northern Australia},
  publisher = {Australian Institute of Aboriginal Studies},
  year = {1974},
  author = {Osborne, Charles Roland},
  address = {Canberra}
}

@INCOLLECTION{Oswalt1986,
  author = {Oswalt, Robert L.},
  title = {The Evidential system of Kashaya},
  booktitle = {Evidentiality: The Linguistic Coding of Epistemology},
  publisher = {Ablex},
  year = {1986},
  editor = {Wallace Chafe and Nichols, Johanna},
  pages = {29-45}
}

@BOOK{Palmer2001,
  title = {Mood and Modality},
  publisher = {Cambridge University Press},
  year = {2001},
  author = {F. R. Palmer},
  address = {Cambridge; New York},
  edition = {2nd}
}

@BOOK{Payne1997,
  title = {Describing Morphosyntax: A Guide for Field Linguists },
  publisher = {Cambridge University Press},
  year = {1997},
  author = {T. Payne},
  address = {Cambridge; New York}
}

@BOOK{PeiGaynor1954,
  title = {A Dictionary of Linguistics},
  publisher = {Philosophical Library},
  year = {1954},
  author = {Mario A. Pei and Frank Gaynor},
  address = {New York}
}

@BOOK{PikePike1982,
  title = {Text and Tagmeme},
  publisher = {Frances Pinter},
  year = {1982},
  author = {Kenneth L. Pike and E. Pike},
  address = {London}
}

@BOOK{PollardSag1994,
  title = {Head-Driven Phrase Structure Grammar},
  publisher = {University of Chicago Press and {CSLI} Publications},
  year = {1994},
  author = {Carl Pollard and Ivan A. Sag},
  address = {Chicago, Illinois}
}

@BOOK{Primus1999,
  title = {Cases and Thematic Roles: Ergative, Accusative and Active},
  publisher = {Max Niemeyer Verlag},
  year = {1999},
  author = {Primus, Beatrice},
  number = {393},
  series = {Linguistiche Arbeiten}
}

@ARTICLE{Prost1962,
  author = {G. R. Prost},
  title = {Signalling of transitive and intransitive in Chacobo (Pano)},
  journal = {International Journal of American Linguistics},
  year = {1962},
  volume = {28},
  pages = {108--118}
}

@BOOK{Quirk-etal1985,
  title = {A comprehensive grammar of the {English} language},
  publisher = {Longman},
  year = {1985},
  author = {Randolph Quirk and Sidney Greenbaum and Geoffrey Leech and Jan Svartik},
  address = {London}
}

@PHDTHESIS{Randriamasimanana1981,
  author = {Charles Randriamasimanana},
  title = {A Study of the Causative Constructions of Malagasy},
  school = {University of Southern California, L.A.},
  year = {1981}
}

@INPROCEEDINGS{Reed-etal1977,
  author = {I. Reed and O. Miyaoka and S. Jacobsen and P. Afcan and M. Krauss},
  title = {Yup'ik Eskimo Grammar},
  booktitle = {Alaska Native Language Center and the Yup'ik Language Workshop},
  year = {1977},
  address = {University of Alaska}
}

@BOOK{Reichenbach1947,
  title = {Elements of Symbolic Logic},
  publisher = {Macmillan},
  year = {1947},
  author = {Hans Reichenbach},
  address = {London}
}

@BOOK{RichardsPlattWeber1985,
  title = {Longman Dictionary of Applied Linguistics},
  publisher = {Longman},
  year = {1985},
  author = {Jack Richards and John Platt and Heidi Weber},
  address = {Harlow, Essex}
}

@BOOK{Roberts1997,
  title = {Comparative Syntax},
  publisher = {Arnold},
  year = {1997},
  author = {Roberts, Ian}
}

@ARTICLE{Roberts1990,
  author = {J. T. Roberts},
  title = {Modality in Amele and Other Papuan Languages},
  journal = {Journal of Linguistics},
  year = {1990},
  volume = {26},
  pages = {363--401},
  number = {2}
}

@ARTICLE{Ross1988,
  author = {M. Ross},
  title = {Proto Oceanic and the Autroneasian Languages of Western Melanesia},
  journal = {Pacific Linguistics, series C},
  year = {1988},
  volume = {98},
  address = { Canberra},
  publisher = {Department of Linguistics, Research School of Pacific Studies, Australian
	National University}
}

@INCOLLECTION{SaltarelliAzkarate1988,
  author = {M. Saltarelli and M. Azkarate},
  title = {Basque},
  booktitle = {Croom helm descriptive grammars series},
  publisher = {Croom Helm},
  year = {1988},
  address = {London; New York}
}

@BOOK{deSaussure1983,
  title = {Course in General Linguistics},
  publisher = {Open Court},
  year = {1983},
  editor = {Charles Bally and Albert Sechehaye},
  author = {Ferdinand de Saussure},
  address = {La Salle, Illinois},
  note = {Translated by Roy Harris},
  isbn = {0-8126-9023-0}
}

@INCOLLECTION{Schachter1985,
  author = {Paul Schachter},
  title = {Parts-of-speech systems},
  booktitle = {Language Typology and Syntactic Description},
  publisher = {Cambridge University Press},
  year = {1985},
  editor = {Timothy Shopen},
  volume = {1},
  pages = {3--61}
}

@INCOLLECTION{Schlichter1986,
  author = {Alice Schlichter},
  title = {The Origins and Deictic Nature of Wintu Evidentials},
  booktitle = {Evidentiality: The Linguistic Coding of Epistemology},
  publisher = {Ablex},
  year = {1986},
  editor = {Wallace Chafe and Johanna Nichols},
  volume = {20},
  series = {Advances in Discourse Processes},
  pages = {46-59}
}

@ARTICLE{Sebeok1946,
  author = {Thomas A. Sebeok},
  title = {Finnish and Hungarian case systems: Their form and function},
  journal = {Linguistica},
  year = {1946},
  volume = {3}
}

@PHDTHESIS{Seiter1979,
  author = {Seiter, William},
  title = {Studies in Niuean syntax},
  school = {UC San Diego},
  year = {1979}
}

@INCOLLECTION{Shibatani1995,
  author = {Shibatani, Masayoshi},
  title = {A.A. Xolodovic on Japanese Passives},
  booktitle = {Subject, Voice and Ergativity: Selected Essays},
  publisher = {Routledge},
  year = {1995},
  editor = {Bennett, D.C. and Bynon, T. and Hewitt, B.G.}
}

@INCOLLECTION{Shibatani1988b,
  author = {Shibatani, Masayoshi},
  title = {Voice in Phillipine Languages},
  booktitle = {Passive and Voice},
  publisher = {John Benjamins},
  year = {1988}
}

@BOOK{Shieber1986,
  title = {An introduction to Unification-based approaches to Grammar},
  publisher = {Center for the Study of Language and Information},
  year = {1986},
  author = {Stuart M. Shieber},
  address = {Stanford University, Stanford, CA},
  note = {CLSI Lecture Notes, No. 4}
}

@BOOK{Shipley1964,
  title = {Maidu Grammar},
  publisher = {University of California Publications in Linguistics},
  year = {1964},
  author = {W. Shipley}
}

@INCOLLECTION{Siewierska1988,
  author = {Anna Siewierska},
  title = {The passive in Slavic},
  booktitle = {Passive and Voice},
  publisher = {John Benjamins},
  year = {1988},
  editor = {Masayoshi Shibatani},
  address = {Amsterdam}
}

@BOOK{Siewierska2004,
  title = {Person},
  publisher = {Cambridge University Press},
  year = {2004},
  author = {Anna Siewierska},
  address = {Cambridge, UK}
}

@BOOK{Silver1966,
  title = {The Shasta Language. Ph.D. dissertation},
  publisher = {University of California},
  year = {1966},
  author = {S. Silver},
  address = {Berkeley}
}


@BOOK{Spalatin1973,
  title = {Some Serbo-Croatian equivalents of the English Passive},
  publisher = {Institute of Linguistics},
  year = {1973},
  author = {Spalatin, L.}
}

@INCOLLECTION{Stone1993,
  author = {G. Stone},
  title = {Sobrian (Upper and Lower)},
  booktitle = {The Slavonic Languages},
  publisher = {Routledge},
  year = {1993},
  editor = {B. Comrie and G. Corbett},
  pages = {593--685},
  address = {London}
}

@BOOK{Trask1996,
  title = {Historical Linguistics},
  publisher = {Arnold},
  year = {1996},
  author = {Trask, R.L.}
}

@BOOK{Valentine2001,
  title = {Nishnaabemwin Reference Grammar},
  publisher = {University of Toronto Press},
  year = {2001},
  author = {J. Randolph Valentine},
  owner = {farrar},
  timestamp = {2008.08.13}
}

@INPROCEEDINGS{WijayawardhanaWickramasingheBynon1995,
  author = {Wijayawardhana, G.D. and Wickramasinghe, Daya and Bynon, Theodora},
  title = {Passive related constructions in colloquial Sinhala},
  booktitle = {Subject, Voice and Ergativity: Selected Essays},
  year = {1995}
}

@BOOK{WolfartCaroll1973,
  title = {Meet Cree: A Guide to the Cree Language},
  publisher = {University of Alberta Press},
  year = {1973},
  author = {Wolfart, H.C. and Carroll, J.F.}
}

@BOOK{Zirkov1955,
  title = {Lakskij Jazyk: Fonetika i Morfologija Moskva [Lak. Phonetics and
	Morphology]},
  publisher = {Izdatel'stvo},
  year = {1955},
  author = {Lev Zirkov},
  address = {USSR}
}

@MISC{Zwicky1977,
  author = {Arnold M. Zwicky},
  title = {On clitics},
  howpublished = {Indiana University Linguistics Club},
  month = {February},
  year = {1977},
  address = {Bloomington, IN}
}

@BOOK{BennettBynonHewitt1995,
  title = {Subject, Voice and Ergativity: Selected Essays},
  publisher = {Routledge},
  year = {1995},
  editor = {Bennett, D.C. and Bynon, T. and Hewitt, B.G.}
}

@BOOK{BybeeFleischman1995,
  title = {Modality in Grammar and Discourse},
  publisher = {John Benjamins},
  year = {1995},
  editor = {Bybee, J. and Fleischman, S.},
  number = {32},
  series = {Typological Studies in Language}
}

@BOOK{ChafeNichols1986,
  title = {Evidentiality: the linguistic coding of epistemology.},
  publisher = {Ablex},
  year = {1986},
  editor = {Chafe, Wallace and Nichols, Johanna}
}

@BOOK{DaviesDubinsky2001,
  title = {Objects and Other Subjects: Grammatical Functions, Functional Categories
	and Configurationality},
  publisher = {Kluwer Academic},
  year = {2001},
  editor = {Davies, William D. and Dubinsky, Stanley},
  series = {Studies in Natural Language and Linguistic Theory}
}

@BOOK{FoxHopper1994,
  title = {Voice: Form and Function},
  publisher = {John Benjamins},
  year = {1994},
  editor = {Fox, Barbara and Hopper, Paul J.}
}

@BOOK{Givon1994b,
  title = {Voice and Inversion},
  publisher = {John Benjamins},
  year = {1994},
  editor = {Talmy Giv\'{o}n},
  series = {Typological Studies in Language}
}

@BOOK{Lynch1982,
  title = {Southwest Tanna grammar and vocabulary},
  publisher = {Australian National University Press},
  year = {1982},
  editor = {Lynch, John},
  volume = {4},
  series = {Papers in Linguistics of Melanesia}
}

@BOOK{Plank1979,
  title = {Ergativity: Towards a theory of Grammatical Relations},
  publisher = {Academic Press},
  year = {1979},
  editor = {Plank, Frans}
}

@BOOK{Shibatani1988a,
  title = {Passive and Voice},
  publisher = {John Benjamins},
  year = {1988},
  editor = {Shibatani, Masayoshi},
  series = {Typological Studies in Language}
}

@BOOK{SpencerZwicky1998,
  title = {The Handbook of Morphology},
  publisher = {Blackwell},
  year = {1998},
  editor = {A. Spencer and A. Zwicky},
  address = {Oxford and Malden, MA}
}

@BOOK{TennyPustejovsky2000,
  title = {Events as Grammatical Objects},
  publisher = {CSLI Publications},
  year = {2000},
  editor = {Tenny, Carol and Pustejovsky, James}
}

@BOOK{Wilkins1988,
  title = {Thematic Relations},
  publisher = {Academic Press},
  year = {1988},
  editor = {Wilkins, Wendy}
}

@Booklet{Faust1973,
title = {Lecciones para el aprendizaje del idioma Shipibo-Conibo},
author = {Norma Faust},
howpublished = {Published by SIL (Summer Institute of Linguistics)},
series = {Documento de Trabajo},
address = {Yarinacocha, Peru},
year = {1973},
url = {http://www.sil.org/americas/peru/html/pubs/show_work.asp?id=515}
}

@Book{Glinert1989,
author = {Lewis Glinert},
title = {The Grammar of Modern Hebrew},
publisher = {Cambridge University Press},
year = {1989},
address = {Cambridge}
}


@Book{Haspelmath1993,
author = {Martin Haspelmath},
title = {A grammar of Lezgian},
publisher = {Mouton de Gruyter},
year = {1993},
address = {Berlin}
}


@Book{Haspelmath2002,
author = {Martin Haspelmath},
title = {Understanding Morphology},
publisher = {Arnold},
year = {2002},
address = {London}
}

@PhdThesis{Schultze-Berndt2000,
author = {Eva Schultze-Berndt},
title = {Simple and complex verbs in Jaminjung. A study of event categorisation in an Australian language},
school = {Katholieke Universiteit Nijmegen},
year = {2000},
address = {Nijmegen}
}


@InCollection{Siewierska2003,
author = {Anna Siewierska},
title = {Reduced Pronominals and Argument Prominence},
booktitle = {Nominals Inside and Out},
publisher = {CSLI Publications},
year = {2003},
editor = {Miriam Butt and Tracy Holloway King,},
pages = {119--150.},
address = {Stanford}
}

@Book{Bowe1990,
author={H. Bowe},
title={Categories, constituents and constituent order in Pitjantjatjara: an Aboriginal language of Australia},
year = {1990},
publisher={Routledge},
address = {London}
}


@Book{Evans2003,
author={Nicholas Evans},
title={Bininj Gun-wok: A pan-dialectal grammar of Mayali, Kunwinjku and Kune. Volume 1},
year = {2003},
publisher={Pacific Linguistics},
address = {Canberra}
}


