% SISAALA BIBLIOGRAPHY
% BibTeX citation format for use with LaTeX
% Author: Steven Moran <stiv@u.washington.edu>
`x% Languages: Sisaala, Western (Issalo) [ssl] and others



@misc{Moran2007,
author = {Moran, Steven},
year = {2007},
title = {{I}saalo ({W}estern {S}isaala) digitized field notes. {M}anuscript and tutorial.}
}

@misc{Moran2007b,
author = {Moran, Steven},
year = {2007},
title = {{O}nline {L}exical {D}atabase of {I}saalo ({W}estern {S}isaala)},
url = {http://students.washington.edu/stiv/sisaala/ssl_fieldnotes.php}
}

@misc{Moran2007c,
author = {Moran, Steven},
year = {2007},
title = {{T}ypological {S}entence {S}urvey of {I}saalo ({W}estern {S}isaala)},
url = {http://students.washington.edu/stiv/sisaala/ssl/sisaala_sentences.txt}
}

@misc{Moran2006b,
author = {Moran, Steven},
year = {2006},
title = {{F}rom {O}lder {F}ield {M}ethods to {B}est {P}ractice: {A} {C}ase {S}tudy on {W}estern {S}isaala on {D}igital {L}anguage {D}ocumentation},
publisher = {E-MELD School of Best Practices},
url = {Online: http://emeld.org/school/case/sisaala}
}

@misc{Moran2006c,
author = {Moran, Steven},
year = {2006},
title = {{F}rom {O}lder {F}ield {M}ethods to {B}est {P}ractice: {A} {C}ase {S}tudy on {W}estern {S}isaala on {D}igital {L}anguage {D}ocumentation. {E}-{M}{E}{L}{D} {S}chool of {B}est {P}ractices},
url = {http://emeld.org/school/case/sisaala/">http://emeld.org/school/case/sisaala/}
}

@misc{Moran2003,
author = {Moran, Steven},
year = {2003},
title = {{T}he {S}pider and the {C}hief},
url = {http://students.washington.edu/stiv/sisaala/ssl/spider_ref.mov},
note = {Streaming Video. Requires QuickTime: http://www.apple.com/quicktime/download/mac.html. IGT available via Moran's 2006 thesis}
}

@article {Poulson2007,
title = {Western {S}isaala - {P}honological alternations in plural formation},
year = {2007},
author = {Laurie Poulson},
journal = {University of {W}ashington {W}orking {P}apers in {L}inguistics},
pages = {}
}

% Sisaala, Tumulung [sil]

@book{Blass1975,
 author = {Blass, Regina},
 year = {1975},
 title = {Sisaala-{E}nglish, {E}nglish-{S}isaala {D}ictionary},
 publisher = {Institute of Linguistics},
 address = {Tamale, Ghana}
}


@article{Blass1983,
author = {Blass, Regina},
year = {1983},
title = {A note on double negation marking in Sissala},
journal = {{S}tudies in {A}frican Linguistics},
volume = {14},
pages = {329-30}
}

@article{Blass1986,
author = {Blass, Regina},
year = {1986},
title = {Cohesion, coherence, and relevance},
journal = {Notes on {L}inguistics},
volume = {34},
pages = {41-64}
}

@article{Blass1998,
author = {Blass, Regina},
year = {1998},
title = {Contrastive {F}ocus and {C}ognitive {E}limination in {S}issala},
journal = {Gur {P}apers / {C}ahiers {V}oltaiques, 11-18}
}

@book{Blass1990,
author = {Blass, Regina},
year = {1990},
title = {{R}elevance relations in discourse: a study with special reference to {S}issala},
series = {{C}ambridge {S}tudies in {L}inguistics, 55},
publisher = {{C}ambridge {U}niversity {P}ress},
pages = {300}
}

@book{Ring1991,
author = {Andrew J. Ring},
year = {1991},
title = {{T}hree case studies involving dialect standardization strategies in northern {G}hana},
editor = {Gloria E. Kindell},
volume = {{P}roceedings of the {S}ummer {I}nstitute of {L}inguistics {I}nternational {L}anguage {A}ssessment {C}onference, {H}orsleys {G}reen, 23-31 May 1989},
pages = {281-87},
address = {{D}allas, {T}exas},
publisher = {{S}ummer {I}nstitute of {L}inguistics}
}

@article{RowlandRowland1965,
author = {Ronald Rowland and Muriel Rowland},
year = {1965},
title = {{C}ollected field reports on the phonology of {S}isala},
journal = {{C}ollected {L}anguage {N}otes},
volume = {2},
pages = {50},
address= {Accra, {G}hana},
publisher = {{I}nstitute of {A}frican {S}tudies}
}

@misc{Rowland1966,
author = {Ronald Rowland},
year = {1966},
title = {{A} short dictionary of {I}saalang},
publisher = {{A}ccra: {I}nstitute of {L}inguistics},
pages = {42}
}

@misc{Rowland1966b,
author = {Ronald Rowland},
year = {1966},
title = {{S}issala noun groups},
journal = {{J}ournal of {W}est {A}frican {L}anguages},
volume = {3},
pages = {23-28}
}

@misc{Pike1967,
author = {Kenneth L. Pike},
year = {1967},
title = {{G}rammar as wave},
editor = {Edward J. Blansitt, Jr.},
proceedings = {Report of the 18th {A}nnual {R}ound {T}able {M}eeting on {L}inguistics and {L}anguage {S}tudies, 1-14},
series = {Monograph {S}eries on {L}anguages and {L}inguistics, 20},
publisher = {{G}eorgetown {U}niversity {P}ress},
address= {Washington, {D}.{C}.}
}

@misc{Siebert203,
author = {Seibert, Uwe},
year = {2003},
title = {{S}{I}{L} {E}lectronic {B}ook {R}eviews 2003-014: {A} grammar of {S}isaala-{P}asaale},
url = {http://www.sil.org:8090/silebr/2003/silebr2003-014}
}

@misc{Gillbt2002,
author = {GILLBT},
year = {2002},
title = {{S}isaala-{E}nglish, {E}nglish-{S}isaala {D}ictionary},
publisher = {{G}hana {I}nstitute of {L}inguistics, {L}iteracy and {B}ible {T}ranslation},
address = {Tamale, {G}hana}
}

@misc{Frempong,
author = {Magrit Frempong and Justin Frempong},
year = {n/d},
title = {{C}omparative {G}rammar {S}isaala}
}

% Sissala (of Burkina Faso) [sld]

@phdthesis{Blass1988,
author = {Blass, Regina},
year = {1988},
title = {Discourse connectivity and constraints on relevance in Sissala},
school = {University of {L}ondon},
address = {London, {E}ngland},
pages = {403}
}

@incollection{Blass1989,
author = {Blass, Regina},
year = {1989},
title = {Baa in {S}issala - truth condition or non-truth-conditional particle?},
editor = {Harald Weydt},
booktitle = {{S}prechen mit {P}artikeln},
pages = {416-27},
address = {Berlin, {G}ermany},
publisher = {de {G}ruyter}
}

@article{Blass1989b,
author = {Blass, Regina},
year = {1989},
title = {Grammaticalisation of interpretive use: {T}he case of r{E} in {S}issala},
journal = {Lingua},
volume = {79},
pages = {299-326}
}

@article{Blass1990b,
author = {Blass, Regina},
year = {1990},
title = {Relevance relations in discourse: a study with special reference to Sissala},
journal = {Cambridge {S}tudies in {L}inguistics},
volume = {55},
address = {Cambridge, {E}ngland},
publisher = {Cambridge {U}niversity {P}ress},
pages = {300}
}

@article{Blass1993,
author = {Blass, Regina},
year = {1993},
title = {Response to {E}. {L}ou {H}ohulin's review of my {R}elevance relations in discourse: a study with special reference to {S}issala},
journal = {Notes on {L}inguistics},
volume = {63},
pages = {33-43}
}

@article{Hohulin1993,
author = {E. Lou Hohulin},
year = {1993},
title = {Review of: {R}elevance relations in discourse: a study with special reference to {S}issala, by {R}egina {B}lass},
journal = {Notes on {L}inguistics},
volume = {62},
pages = {53-65}
}

% Sisaala, Paasale (Paasaal) [sig]

@book{McGilletal1999,
 author = {Stuart Mcgill and Samuel Fembeti and Mike Toupin},
 year = {1999},
 title = {A {G}rammar of {S}isaala-{P}asaale},
 series = {Language {M}onographs},
 volume = {4},
 address = {Legon, {G}hana},
 publisher = {Institute of {A}frican {S}tudies, {U}niversity of {G}hana}
}

@mastersthesis{McGill2004,
author = {Mc{G}ill, Stuart},
title = {{F}ocus and {A}ctivation in {P}aasaal: the particle r{\textepsilon}},
school = {{U}niversity of {R}eading},
year = {2004}
}

@article {Toupin1995,
 author = {Toupin, Mike},
 title = {The {P}honology of {S}isaale - {P}asaale},
 publisher = {Ghana Institute of Linguistics, Literacy and Bible Translation},
 year = {1995},
 journal = {Collected Language Notes},
 volume = {22}
}

@misc{McGill,
author = {Stuart McGill},
year = {Submitted},
title = {Sentence connectives and deictic shift in {P}aasaal narrative},
journal = {Reading {W}orking {P}apers in {L}inguistics},
volume = {8}
}

% Language family

@incollection{Naden1989,
 author = {Naden, Anthony},
 year = {1989},
 title = {Gur},
 editor = {John T. Bendor-Samuel},
 booktitle = {{T}he {N}iger-{C}ongo {L}anguages},
 publisher = {University Press of America}
}

%title = {T}he {N}iger-{C}ongo languages: {A} classification and description of {A}frica's largest language family},

@book{BendorSamuelHaretll1989,
editor = {J. T. Bendor-Samuel and R. L. Hartell},
year = {1989},
title = {{T}he {N}iger-{C}ongo languages: {A} classification and description of {A}frica's largest language family},
address ={Lanham, MD},
publisher = {University Press of America} 
}



